@article{navajasAggregatedKnowledge,
  title = {Aggregated knowledge from a small number of debates outperforms the wisdom of large crowds},
  author = {Navajas, J. and Niella, T. and Garbulsky, G and Bahrami, B. and Sigman, M.},
  date = {2018-01-15},
  journaltitle = {Nature Human Behaviour},
  shortjournal = {Nat Hum Behav},
  volumen = {2},
  number = {2},
  pages = {126--132},
  issn = {2397-3374},
  doi = {10.1038/s41562-017-0273-4},
  url = {https://doi.org/10.1038/s41562-017-0273-4},
  urldate = {2024-11-22},
  langid = {english},
}

@article{breimanRF,
  title = {Random Forests},
  author = {Breiman, L.},
  date = {2001-10-01},
  journaltitle = {Machine Learning},
  shortjournal = {Machine Learning},
  volumen = {45},
  number = {45},
  pages = {5--32},
  doi = {10.1023/A:1010933404324},
  url = {https://doi.org/10.1023/A:1010933404324},
  urldate = {2024-11-22},
  langid = {english},
}

@book{surowieckiWisdomCrowdsWhy2004,
  title = {The Wisdom of Crowds: Why the Many Are Smarter than the Few and How Collective Wisdom Shapes Business, Economies, Societies, and Nations},
  shorttitle = {The Wisdom of Crowds},
  author = {Surowiecki, James},
  date = {2004},
  edition = {5. ed},
  publisher = {{Doubleday}},
  location = {United States},
  isbn = {978-0-385-50386-0},
  langid = {english},
  pagetotal = {336},
}

@book{mackeyMadnessCrowds,
  title = {Extraordinary Popular Delusions and the Madness of Crowds},
  author = {Mackay, Charles},
  date = {1841},
  publisher = {{Richard Bentley}},
  location = {London, United Kingdom},
  langid = {english},
}

@article{galtonFrancis,
  title = {Vox Populi},
  author = {Galton, F.},
  date = {1907-03-07},
  journaltitle = {Nature},
  shortjournal = {Nature},
  volumen = {75},
  number = {75},
  pages = {450--451},
  doi = {10.1038/075450a0},
  url = {https://doi.org/10.1038/075450a0},
  urldate = {2024-11-22},
  langid = {english},
}